<record><leader>00000cas a22000007a 4500</leader><controlfield tag="001">21203851</controlfield><controlfield tag="008">900312d18721882moudr ne      0    0eng d</controlfield><datafield ind1=" " ind2=" " tag="010"><subfield code="a">sn 90061219 </subfield></datafield><datafield ind1=" " ind2=" " tag="040"><subfield code="a">MQN</subfield><subfield code="b">eng</subfield><subfield code="c">MQN</subfield><subfield code="d">CRL</subfield><subfield code="d">OCLCQ</subfield></datafield><datafield ind1=" " ind2=" " tag="042"><subfield code="a">msc</subfield></datafield><datafield ind1=" " ind2=" " tag="043"><subfield code="a">n-us-mo</subfield></datafield><datafield ind1="0" ind2=" " tag="130"><subfield code="a">Kansas City times (Kansas City, Mo. : 1872)</subfield></datafield><datafield ind1="1" ind2="4" tag="245"><subfield code="a">The Kansas City times.</subfield></datafield><datafield ind1="3" ind2="0" tag="246"><subfield code="a">Kansas City Sunday times</subfield></datafield><datafield ind1=" " ind2=" " tag="260"><subfield code="a">Kansas City, Mo. :</subfield><subfield code="b">Times Pub. Co.,</subfield><subfield code="c">1872-1882.</subfield></datafield><datafield ind1=" " ind2=" " tag="300"><subfield code="a">v.</subfield></datafield><datafield ind1=" " ind2=" " tag="310"><subfield code="a">Daily</subfield></datafield><datafield ind1="0" ind2=" " tag="362"><subfield code="a">Vol. 4, no. 117 (Jan. 12, 1872)-v. 24, no. 72 (Mar. 13, 1882).</subfield></datafield><datafield ind1=" " ind2=" " tag="500"><subfield code="a">On Sundays published as: Kansas City Sunday times, Jan. 16, 1881-Mar. 12, 1882.</subfield></datafield><datafield ind1=" " ind2="4" tag="651"><subfield code="a">Kansas City (Mo.)</subfield><subfield code="v">Newspapers.</subfield></datafield><datafield ind1=" " ind2=" " tag="752"><subfield code="a">United States</subfield><subfield code="b">Missouri</subfield><subfield code="c">Jackson</subfield><subfield code="d">Kansas City.</subfield></datafield><datafield ind1="0" ind2=" " tag="775"><subfield code="t">Kansas City weekly times (Kansas City, Mo. : 1869)</subfield><subfield code="w">(DLC)sn 84020106</subfield><subfield code="w">(OCoLC)10361618</subfield></datafield><datafield ind1="0" ind2=" " tag="775"><subfield code="t">Kansas City times (Saint Louis, Mo.)</subfield><subfield code="w">(DLC)sn 87052212</subfield><subfield code="w">(OCoLC)15213104</subfield></datafield><datafield ind1="0" ind2=" " tag="775"><subfield code="t">Kansas City times (Denver, Colo.)</subfield><subfield code="w">(DLC)sn 84022334</subfield><subfield code="w">(OCoLC)10352272</subfield></datafield><datafield ind1="0" ind2=" " tag="775"><subfield code="t">Kansas City times (Kansas City, Mo. : Triweekly)</subfield><subfield code="w">(DLC)sn 84022335</subfield><subfield code="w">(OCoLC)10352322</subfield></datafield><datafield ind1="0" ind2="0" tag="780"><subfield code="t">Kansas City daily times</subfield><subfield code="w">(DLC)sn 88079195</subfield><subfield code="w">(OCoLC)17616014</subfield></datafield><datafield ind1="0" ind2="0" tag="785"><subfield code="t">Kansas City daily times (Kansas City, Mo. : 1882)</subfield><subfield code="w">(DLC)sn 90061443</subfield><subfield code="w">(OCoLC)21203863</subfield></datafield><datafield ind1="1" ind2=" " tag="029"><subfield code="a">AU@</subfield><subfield code="b">000020605287</subfield></datafield></record>